@Manual{R-car,
  title = {car: Companion to Applied Regression},
  author = {John Fox and Sanford Weisberg},
  year = {2015},
  note = {R package version 2.1-1},
  url = {https://CRAN.R-project.org/package=car},
}
@Manual{R-dplyr,
  title = {dplyr: A Grammar of Data Manipulation},
  author = {Hadley Wickham and Romain Francois},
  year = {2015},
  note = {R package version 0.4.3},
  url = {https://CRAN.R-project.org/package=dplyr},
}
@Manual{R-ggplot2,
  title = {ggplot2: An Implementation of the Grammar of Graphics},
  author = {Hadley Wickham and Winston Chang},
  year = {2016},
  note = {R package version 2.1.0},
  url = {https://CRAN.R-project.org/package=ggplot2},
}
@Manual{R-haven,
  title = {haven: Import SPSS, Stata and SAS Files},
  author = {Hadley Wickham and Evan Miller},
  year = {2015},
  note = {R package version 0.2.0},
  url = {https://CRAN.R-project.org/package=haven},
}
@Manual{R-knitr,
  title = {knitr: A General-Purpose Package for Dynamic Report Generation in R},
  author = {Yihui Xie},
  year = {2016},
  note = {R package version 1.12.3},
  url = {https://CRAN.R-project.org/package=knitr},
}
@Manual{R-lmtest,
  title = {lmtest: Testing Linear Regression Models},
  author = {Torsten Hothorn and Achim Zeileis and Richard W. Farebrother and Clint Cummins},
  year = {2015},
  note = {R package version 0.9-34},
  url = {https://CRAN.R-project.org/package=lmtest},
}
@Manual{R-plm,
  title = {plm: Linear Models for Panel Data},
  author = {Yves Croissant and Giovanni Millo},
  year = {2015},
  note = {R package version 1.5-12},
  url = {https://CRAN.R-project.org/package=plm},
}
@Manual{R-stargazer,
  title = {stargazer: Well-Formatted Regression and Summary Statistics Tables},
  author = {Marek Hlavac},
  year = {2015},
  note = {R package version 5.2},
  url = {https://CRAN.R-project.org/package=stargazer},
}
